@Misc{biblio:siteGlassfish,
	howpublished = "\url{http://glassfish.java.net/}",
	author = {Site de GlassFish}
}

@Misc{biblio:siteNetbeans,
	howpublished = "\url{http://netbeans.org/}",
	author = {Site de NetBeans}
}

@Misc{biblio:siteMklivestatus,
	howpublished = "\\\url{http://mathias-kettner.de/}",
	author = {Site de Mathias Kettner mettant \`a disposition le module MKLivestatus}
}
