@Misc{biblio:siteGlassfish,
	howpublished = "\url{http://glassfish.java.net/}",
	author = {Site de GlassFish}
}

@Misc{biblio:siteNetbeans,
	howpublished = "\url{http://netbeans.org/}",
	author = {Site de NetBeans}
}

@Misc{biblio:siteMklivestatus,
	howpublished = "\\\url{http://mathias-kettner.de/}",
	author = {Site de Mathias Kettner mettant \`a disposition le module MKLivestatus}
}

@Misc{biblio:siteJAXWS,
	howpublished = "\url{http://jax-ws.java.net/}",
	author = {Site de documentation sur JAX-WS}
}

@Misc{biblio:siteNagios,
	howpublished = "\url{http://www.nagios.org/}",
	author = {Site de Nagios}
}

@Misc{biblio:siteMySQL,
	howpublished = "\url{http://www.mysql.com/}",
	author = {Site de MySQL}
}

@Misc{biblio:siteRRD4J,
	howpublished = "\url{http://code.google.com/p/rrd4j/}",
	author = {Site de RRD4J}
}

@Misc{biblio:siteRRDtool,
	howpublished = "\url{http://oss.oetiker.ch/rrdtool/}",
	author = {Site de RRDtool}
}
